@misc{dionysus,
  author = {Dmitriy Morozov},
  title = {Dionysus - A Library for Computing Persistent Homology},
  year = {2007--},
  howpublished = {\url{http://www.mrzv.org/software/dionysus/}},
  note = {Accessed: 2024-08-10}
}
@inproceedings{fey2019fast,
  title={Fast Graph Representation Learning with PyTorch Geometric},
  author={Fey, Matthias and Lenssen, Jan Eric},
  booktitle={ICLR Workshop on Representation Learning on Graphs and Manifolds},
  year={2019},
  url={https://arxiv.org/abs/1903.02428}
}
@inproceedings{paszke2019pytorch,
  title={PyTorch: An Imperative Style, High-Performance Deep Learning Library},
  author={Paszke, Adam and Gross, Sam and Massa, Francisco and Lerer, Adam and Bradbury, James and Chanan, Gregory and Killeen, Trevor and Lin, Zeming and Gimelshein, Natalia and Antiga, Luca and Desmaison, Alban and Kopf, Andreas and Yang, Edward and DeVito, Zachary and Raison, Martin and Tejani, Alykhan and Chilamkurthy, Sasank and Steiner, Benoit and Fang, Lu and Bai, Junjie and Chintala, Soumith},
  booktitle={Advances in Neural Information Processing Systems},
  volume={32},
  pages={8024--8035},
  year={2019}
}
@inproceedings{yang2016revisiting,
  title={Revisiting semi-supervised learning with graph embeddings},
  author={Yang, Zhilin and Cohen, William W and Salakhutdinov, Ruslan},
  booktitle={International Conference on Machine Learning},
  pages={40--48},
  year={2016},
  organization={PMLR}
}
@inproceedings{peixoto2019network,
  title={Network cartography of university websites: A comparative analysis},
  author={Peixoto, Tiago P and Emmert-Streib, Frank},
  booktitle={Proceedings of the 30th International Conference on Computer Networks},
  pages={1--11},
  year={2019}
}
@inproceedings{rozemberczki2021multi,
  title={Multi-scale attributed node embedding},
  author={Rozemberczki, Benedek and Davies, Ryan and Sarkar, Rik and Sutton, Charles},
  booktitle={Proceedings of the 27th ACM SIGKDD Conference on Knowledge Discovery \& Data Mining},
  pages={1235--1243},
  year={2021}
}


@inproceedings{feng2019hypergraph,
  title={Hypergraph neural networks},
  author={Feng, Yifan and You, Haoxuan and Zhang, Zeyang and Ji, Rongrong and Gao, Yue},
  booktitle={Proceedings of the AAAI Conference on Artificial Intelligence},
  volume={33},
  pages={3558--3565},
  year={2019}
}
@inproceedings{huang2022revisiting,
  title={Revisiting the role of heterophily in graph representation learning: An edge classification perspective},
  author={Huang, Minhao and Cai, Chen and Liang, Yuyu and Wang, Jun and Song, Le},
  booktitle={Advances in Neural Information Processing Systems},
  year={2022}
}
@article{platonov2023critical,
  title={A Critical Look at the Evaluation of GNNs under Heterophily: Are We Really Making Progress?},
  author={Platonov, Svitlana V and Malliaros, Fragkiskos D and Michailidis, Georgios},
  journal={arXiv preprint arXiv:2301.04657},
  year={2023}
}
@inproceedings{pei2020geom,
  title={Geom-GCN: Geometric graph convolutional networks},
  author={Pei, Hongwei and Wei, Bingzhe and Chang, Kevin and Lei, Yuxiao and Yang, Bo},
  booktitle={International Conference on Learning Representations},
  year={2020}
}
@article{bodnar2022neural,
  title={Neural Sheaf Diffusion: A Topological Perspective on Heterophily and Oversmoothing in GNNs},
  author={Bodnar, Cristian and Vasilache, Alexandru T and R{\"u}ttgers, Michael and Afshar, Mohsen and Bronstein, Michael and B{\"o}hm, Markus and Monti, Federico},
  journal={arXiv preprint arXiv:2202.04579},
  year={2022}
}
@article{zhu2020beyond,
  title={Beyond Homophily in Graph Neural Networks: Current Limitations and Effective Designs},
  author={Zhu, Jiong and Yan, Yujun and Zhao, Lingfei and Heimann, Mark and Akoglu, Leman and Koutra, Danai},
  journal={Advances in Neural Information Processing Systems},
  volume={33},
  pages={7793--7804},
  year={2020}
}




@inproceedings{zhu2020beyond,
  title={Beyond Homophily in Graph Neural Networks: Current Limitations and Effective Designs},
  author={Zhu, Jiong and Yan, Yujun and Zhao, Lingxiao and Heimann, Mark and Akoglu, Leman and Koutra, Danai},
  booktitle={NeurIPS},
  year={2020}
}
@inproceedings{li2018deeper,
  title={Deeper insights into graph convolutional networks for semi-supervised learning},
  author={Li, Qimai and Han, Zhichao and Wu, Xiao-Ming},
  booktitle={Proceedings of the AAAI conference on artificial intelligence},
  volume={32},
  number={1},
  year={2018}
}
@inproceedings{murphy2019relational,
  title={Relational pooling for graph representations},
  author={Murphy, Ryan and Srinivasan, Balasubramaniam and Rao, Vinayak and Ribeiro, Bruno},
  booktitle={International Conference on Machine Learning},
  pages={4663--4673},
  year={2019},
  organization={PMLR}
}
@inproceedings{sato2021random,
  title={Random features strengthen graph neural networks},
  author={Sato, Ryoma and Yamada, Makoto and Kashima, Hisashi},
  booktitle={Proceedings of the 2021 SIAM international conference on data mining (SDM)},
  pages={333--341},
  year={2021},
  organization={SIAM}
}
@inproceedings{hofer2020graph,
  title={Graph filtration learning},
  author={Hofer, Christoph and Graf, Florian and Rieck, Bastian and Niethammer, Marc and Kwitt, Roland},
  booktitle={International Conference on Machine Learning},
  pages={4314--4323},
  year={2020},
  organization={PMLR}
}

@article{xu2018powerful,
  title={How powerful are graph neural networks?},
  author={Xu, Keyulu and Hu, Weihua and Leskovec, Jure and Jegelka, Stefanie},
  journal={arXiv preprint arXiv:1810.00826},
  year={2018}
}

@inproceedings{graphsage,
  title={Inductive representation learning on large graphs},
  author={Hamilton, William L and Ying, Rex and Leskovec, Jure},
  booktitle={Proceedings of the 31st International Conference on Neural Information Processing Systems},
  pages={1025--1035},
  year={2017}
}

@inproceedings{graphzoom,
title={GraphZoom: A Multi-level Spectral Approach for Accurate and Scalable Graph Embedding},
author={Chenhui Deng and Zhiqiang Zhao and Yongyu Wang and Zhiru Zhang and Zhuo Feng},
booktitle={International Conference on Learning Representations},
year={2020}
}

@inproceedings{
horn2022topological,
title={Topological Graph Neural Networks},
author={Max Horn and Edward De Brouwer and Michael Moor and Yves Moreau and Bastian Rieck and Karsten Borgwardt},
booktitle={International Conference on Learning Representations},
year={2022}
}

@inproceedings{hofer2020graph,
  title={Graph filtration learning},
  author={Hofer, Christoph and Graf, Florian and Rieck, Bastian and Niethammer, Marc and Kwitt, Roland},
  booktitle={International Conference on Machine Learning},
  pages={4314--4323},
  year={2020},
  organization={PMLR}
}

@inproceedings{huang2021scaling,
  title={Scaling up graph neural networks via graph coarsening},
  author={Huang, Zengfeng and Zhang, Shengzhong and Xi, Chong and Liu, Tang and Zhou, Min},
  booktitle={Proceedings of the 27th ACM SIGKDD Conference on Knowledge Discovery \& Data Mining},
  year={2021}
}

@inproceedings{ma2021unified,
  title={A unified view on graph neural networks as graph signal denoising},
  author={Ma, Yao and Liu, Xiaorui and Zhao, Tong and Liu, Yozen and Tang, Jiliang and Shah, Neil},
  booktitle={Proceedings of the 30th ACM International Conference on Information \& Knowledge Management},
  pages={1202--1211},
  year={2021}
}

@inproceedings{zeng2022simple,
  title={A Simple Graph Neural Network via Layer Sniffer},
  author={Zeng, Dingyi and Zhou, Li and Liu, Wanlong and Qu, Hong and Chen, Wenyu},
  booktitle={ICASSP 2022-2022 IEEE International Conference on Acoustics, Speech and Signal Processing (ICASSP)},
  pages={5687--5691},
  year={2022},
  organization={IEEE}
}

@article{ying2018hierarchical,
  title={Hierarchical graph representation learning with differentiable pooling},
  author={Ying, Zhitao and You, Jiaxuan and Morris, Christopher and Ren, Xiang and Hamilton, Will and Leskovec, Jure},
  journal={Advances in neural information processing systems},
  volume={31},
  year={2018}
}

@inproceedings{gcn,
  title={Semi-Supervised Classification with Graph Convolutional Networks},
  author={Kipf, Thomas N. and Welling, Max},
  booktitle={International Conference on Learning Representations (ICLR)},
  year={2017}
}

@inproceedings{jumping-knowledge,
  author    = {Keyulu Xu and
               Chengtao Li and
               Yonglong Tian and
               Tomohiro Sonobe and
               Ken{-}ichi Kawarabayashi and
               Stefanie Jegelka},
  title     = {Representation Learning on Graphs with Jumping Knowledge Networks},
  booktitle = {Proceedings of the 35th International Conference on Machine Learning,
               {ICML}},
  _series    = {Proceedings of Machine Learning Research},
  volume    = {80},
  pages     = {5449--5458},
  publisher = {{PMLR}},
  year      = {2018},
}
@article{velivckovic2017graph,
  title={Graph attention networks},
  author={Veli{\v{c}}kovi{\'c}, Petar and Cucurull, Guillem and Casanova, Arantxa and Romero, Adriana and Lio, Pietro and Bengio, Yoshua},
  journal={arXiv preprint arXiv:1710.10903},
  year={2017}
}
@inproceedings{moor2020topological,
  title={Topological autoencoders},
  author={Moor, Michael and Horn, Max and Rieck, Bastian and Borgwardt, Karsten},
  booktitle={International conference on machine learning},
  pages={7045--7054},
  year={2020},
  organization={PMLR}
}
@article{o2021filtration,
  title={Filtration Curves for Graph Representation},
  author={Oâ€™Bray, Leslie and Rieck, Bastian and Borgwardt, Karsten},
  year={2021}
}
@book{edelsbrunner2010computational,
  title={Computational topology: an introduction},
  author={Edelsbrunner, Herbert and Harer, John},
  year={2010},
  publisher={American Mathematical Soc.}
}



@article{breiman2001random,
  title={Random {F}orests},
  author={Breiman, Leo},
  journal={Machine learning},
  volume={45},
  number={1},
  pages={5--32},
  year={2001},
  publisher={Springer}
}

@article{gyulassy2008practical,
  title={A practical approach to {M}orse-{S}male complex computation: Scalability and generality},
  author={Gyulassy, Attila and Bremer, Peer-Timo and Hamann, Bernd and Pascucci, Valerio},
  journal={IEEE Transactions on Visualization and Computer Graphics},
  volume={14},
  number={6},
  pages={1619--1626},
  year={2008},
  publisher={IEEE}
}

@article{pedregosa2011scikit,
  title={Scikit-learn: Machine learning in {P}ython},
  author={Pedregosa, Fabian and Varoquaux, Ga{\"e}l and Gramfort, Alexandre and Michel, Vincent and Thirion, Bertrand and Grisel, Olivier and Blondel, Mathieu and Prettenhofer, Peter and Weiss, Ron and Dubourg, Vincent and others},
  journal={the Journal of machine Learning research},
  volume={12},
  pages={2825--2830},
  year={2011},
  publisher={JMLR. org}
}
@ARTICLE{scipy,
  author  = {Virtanen, Pauli and Gommers, Ralf and Oliphant, Travis E. and Haberland, Matt and Reddy, Tyler and Cournapeau, David and Burovski, Evgeni and Peterson, Pearu and Weckesser, Warren and Bright, Jonathan and {van der Walt}, St{\'e}fan J. and Brett, Matthew and Wilson, Joshua and Millman, K. Jarrod and Mayorov, Nikolay and Nelson, Andrew R. J. and Jones, Eric and Kern, Robert and Larson, Eric and Carey, C J and Polat, {\.I}lhan and Feng, Yu and Moore, Eric W. and {VanderPlas}, Jake and Laxalde, Denis and Perktold, Josef and Cimrman, Robert and Henriksen, Ian and Quintero, E. A. and Harris, Charles R. and Archibald, Anne M. and Ribeiro, Ant{\^o}nio H. and Pedregosa, Fabian and {van Mulbregt}, Paul and {SciPy 1.0 Contributors}},
  title   = {{{SciPy} 1.0: Fundamental Algorithms for Scientific Computing in Python}},
  journal = {Nature Methods},
  year    = {2020},
  volume  = {17},
  pages   = {261--272},
  adsurl  = {https://rdcu.be/b08Wh},
  doi     = {10.1038/s41592-019-0686-2},
} 

 @article{kanopoulos1988design,
  title={Design of an image edge detection filter using the {S}obel operator},
  author={Kanopoulos, Nick and Vasanthavada, Nagesh and Baker, Robert L},
  journal={IEEE Journal of solid-state circuits},
  volume={23},
  number={2},
  pages={358--367},
  year={1988},
  publisher={IEEE}
} 

@inproceedings{frangi1998multiscale,
  title={Multiscale vessel enhancement filtering},
  author={Frangi, Alejandro F and Niessen, Wiro J and Vincken, Koen L and Viergever, Max A},
  booktitle={International conference on medical image computing and computer-assisted intervention},
  pages={130--137},
  year={1998},
  organization={Springer}
}
@article{lindeberg1994scale,
  title={Scale-space theory: A basic tool for analyzing structures at different scales},
  author={Lindeberg, Tony},
  journal={Journal of applied statistics},
  volume={21},
  number={1-2},
  pages={225--270},
  year={1994},
  publisher={Taylor \& Francis}
}

@book{scalespace,
author = {Lindeberg, Tony},
year = {1993},
month = {12},
pages = {},
title = {Scale-Space Theory in Computer Vision},
isbn = {0-7923-9418-6},
journal = {Springer International Series in Engineering and Computer Science},
doi = {10.1007/978-1-4757-6465-9},
publisher = {Springer International Series in Engineering and Computer Science}
}

@article{mcdonald2020improving,
  title={Improving the Usability of Virtual Reality Neuron Tracing with Topological Elements},
  author={McDonald, Torin and Usher, Will and Morrical, Nate and Gyulassy, Attila and Petruzza, Steve and Federer, Frederick and Angelucci, Alessandra and Pascucci, Valerio},
  journal={IEEE transactions on visualization and computer graphics},
  volume={27},
  number={2},
  pages={744--754},
  year={2020},
  publisher={IEEE}
}

@article{gyulassy2006topo,
  title={A topological approach to simplification of three-dimensional scalar functions},
  author={Gyulassy, Attila and Natarajan, Vijay and Pascucci, Valerio and Bremer, Peer-Timo and Hamann, Bernd},
  journal={IEEE Transactions on Visualization and Computer Graphics},
  volume={12},
  number={4},
  pages={474--484},
  year={2006},
  publisher={IEEE}
}



@article{Gyulassy2019,
  title={Shared-memory parallel computation of {M}orse-{S}male complexes with improved accuracy},
  author={Gyulassy, Attila and Bremer, Peer-Timo and Pascucci, Valerio},
  journal={IEEE Transactions on Visualization and Computer Graphics},
  volume={25},
  number={1},
  pages={1183--1192},
  year={2018},
  publisher={IEEE}
}
@article{scikit,
 title = {scikit-image: image processing in {P}ython},
 author = {van der Walt, {S}t\'efan and {S}ch\"onberger, {J}ohannes {L}. and
           {Nunez-Iglesias}, {J}uan and {B}oulogne, {F}ran\c{c}ois and {W}arner,
           {J}oshua {D}. and {Y}ager, {N}eil and {G}ouillart, {E}mmanuelle and
           {Y}u, {T}ony and the scikit-image contributors},
 year = {2014},
 month = {6},
 keywords = {Image processing, Reproducible research, Education,
             Visualization, Open source, Python, Scientific programming},
 volume = {2},
 pages = {e453},
 journal = {PeerJ},
 issn = {2167-8359},
 url = {https://doi.org/10.7717/peerj.453},
 doi = {10.7717/peerj.453}
}

@article{forman2002user,
  title={A user's guide to discrete {M}orse theory.},
  author={Forman, Robin},
  journal={S{\'e}minaire Lotharingien de Combinatoire [electronic only]},
  volume={48},
  pages={B48c--35},
  year={2002},
  publisher={Universit{\"a}t Wien, Fakult{\"a}t f{\"u}r Mathematik}
}



@techreport{slicsuperpixel,
  title={{SLIC} superpixels},
  author={Achanta, Radhakrishna and Shaji, Appu and Smith, Kevin and Lucchi, Aurelien and Fua, Pascal and S{\"u}sstrunk, Sabine},
  year={2010}
}

@inproceedings{geometryactive,
  title={Introducing geometry in active learning for image segmentation},
  author={Konyushkova, Ksenia and Sznitman, Raphael and Fua, Pascal},
  booktitle={Proceedings of the IEEE International Conference on Computer Vision},
  pages={2974--2982},
  year={2015}
}


@article{slicsuperpixelbeyond,
  title={{SLIC} superpixels compared to state-of-the-art superpixel methods},
  author={Achanta, Radhakrishna and Shaji, Appu and Smith, Kevin and Lucchi, Aurelien and Fua, Pascal and S{\"u}sstrunk, Sabine},
  journal={IEEE transactions on pattern analysis and machine intelligence},
  volume={34},
  number={11},
  pages={2274--2282},
  year={2012},
  publisher={IEEE}
}

@article{rosenblatt1958perceptron,
  title={The perceptron: a probabilistic model for information storage and organization in the brain.},
  author={Rosenblatt, Frank},
  journal={Psychological review},
  volume={65},
  number={6},
  pages={386},
  year={1958},
  publisher={American Psychological Association}
}


@book{gyulassy2005topoextract,
  title={Topology-based simplification for feature extraction from 3{D} scalar fields},
  author={Gyulassy, Attila and Natarajan, Vijay},
  year={2005},
  publisher={IEEE}
}

@inproceedings{edelsbrunner2000topological,
  title={Topological persistence and simplification},
  author={Edelsbrunner, Herbert and Letscher, David and Zomorodian, Afra},
  booktitle={Proceedings 41st annual symposium on foundations of computer science},
  pages={454--463},
  year={2000},
  organization={IEEE}
}

@article{tierny2017topology,
  title={The topology toolkit},
  author={Tierny, Julien and Favelier, Guillaume and Levine, Joshua A and Gueunet, Charles and Michaux, Michael},
  journal={IEEE transactions on visualization and computer graphics},
  volume={24},
  number={1},
  pages={832--842},
  year={2017},
  publisher={IEEE}
}


@article{acciai2016automated,
  title={Automated neuron tracing methods: an updated account},
  author={Acciai, Ludovica and Soda, Paolo and Iannello, Giulio},
  journal={Neuroinformatics},
  volume={14},
  number={4},
  pages={353--367},
  year={2016},
  publisher={Springer}
}

@misc{MSCEER,
  title={M{SCEER}: Morse-{S}male Complex Extraction, Exploration, Reasoning},
  author={Gyulassy, Attila},
  year={2018}
}
@inproceedings{vedaldi2008quick,
  title={Quick shift and kernel methods for mode seeking},
  author={Vedaldi, Andrea and Soatto, Stefano},
  booktitle={European conference on computer vision},
  pages={705--718},
  year={2008},
  organization={Springer}
}
@article{gerber2010visual,
  title={Visual exploration of high dimensional scalar functions},
  author={Gerber, Samuel and Bremer, Peer-Timo and Pascucci, Valerio and Whitaker, Ross},
  journal={IEEE transactions on visualization and computer graphics},
  volume={16},
  number={6},
  pages={1271--1280},
  year={2010},
  publisher={IEEE}
}

@article{gyulassy2012computing,
  title={Computing {M}orse-{S}male complexes with accurate geometry},
  author={Gyulassy, Attila and Bremer, Peer-Timo and Pascucci, Valerio},
  journal={IEEE transactions on visualization and computer graphics},
  volume={18},
  number={12},
  pages={2014--2022},
  year={2012},
  publisher={IEEE}
}

@article{formanMorse,
  title={A userâ€™s guide to discrete {M}orse theory},
  author={Forman, Robin},
  journal={S{\'e}m. Lothar. Combin},
  volume={48},
  pages={35pp},
  year={2002}
}

@inproceedings{timoFire,
  title={Understanding the structure of the turbulent mixing layer in hydrodynamic instabilities},
  author={Bremer, Peer-Timo and Cabot, W and Cook, A and Laney, D and Mascarenhas, A and Miller, P and Pascucci, V},
  booktitle={Journal of Physics: Conference Series},
  volume={46},
  number={1},
  pages={077},
  year={2006},
  organization={IOP Publishing}
}

@article{steveFoam,
  title={High-throughput feature extraction for measuring attributes of deforming open-cell foams},
  author={Petruzza, Steve and Gyulassy, Attila and Leventhal, Samuel and Baglino, John J and Czabaj, Michael and Spear, Ashley D and Pascucci, Valerio},
  journal={IEEE transactions on visualization and computer graphics},
  volume={26},
  number={1},
  pages={140--150},
  year={2019},
  publisher={IEEE}
}

@inproceedings{ronnebergerUNet,
  title={U-{N}et: {C}onvolutional networks for biomedical image segmentation},
  author={Ronneberger, Olaf and Fischer, Philipp and Brox, Thomas},
  booktitle={International Conference on Medical image computing and computer-assisted intervention},
  pages={234--241},
  year={2015},
  organization={Springer}
}

@article{banerjeemscseg,
  title={Semantic segmentation of microscopic neuroanatomical data by combining topological priors with encoder--decoder deep networks},
  author={Banerjee, Samik and Magee, Lucas and Wang, Dingkang and Li, Xu and Huo, Bing-Xing and Jayakumar, Jaikishan and Matho, Katherine and Lin, Meng-Kuan and Ram, Keerthi and Sivaprakasam, Mohanasankar and others},
  journal={Nature Machine Intelligence},
  volume={2},
  number={10},
  pages={585--594},
  year={2020},
  publisher={Nature Publishing Group}
}

@inproceedings{fasy,
  title={Exploring persistent local homology in topological data analysis},
  author={Fasy, Brittany Terese and Wang, Bei},
  booktitle={2016 IEEE International Conference on Acoustics, Speech and Signal Processing (ICASSP)},
  pages={6430--6434},
  year={2016},
  organization={IEEE}
}

@article{najman,
  title={Watershed of a continuous function},
  author={Najman, Laurent and Schmitt, Michel},
  journal={Signal Processing},
  volume={38},
  number={1},
  pages={99--112},
  year={1994},
  publisher={Elsevier}
}


@inproceedings{deymorseroad,
  title={Road network reconstruction from satellite images with machine learning supported by topological methods},
  author={Dey, Tamal K and Wang, Jiayuan and Wang, Yusu},
  booktitle={Proceedings of the 27th ACM SIGSPATIAL International Conference on Advances in Geographic Information Systems},
  pages={520--523},
  year={2019}
}
@INPROCEEDINGS{bremer2003,
  author={Bremer, P.-T. and Edelsbrunner, H. and Hamann, B. and Pascucci, V.},
  booktitle={IEEE Visualization, 2003. VIS 2003.}, 
  title={A multi-resolution data structure for two-dimensional {M}orse-{S}male functions}, 
  year={2003},
  volume={},
  number={},
  pages={139-146},
  doi={10.1109/VISUAL.2003.1250365}}
  
@ARTICLE{RobinsV2011,
  author={Robins, Vanessa and Wood, Peter John and Sheppard, Adrian P.},
  journal={IEEE Transactions on Pattern Analysis and Machine Intelligence}, 
  title={Theory and Algorithms for Constructing Discrete {M}orse Complexes from Grayscale Digital Images}, 
  year={2011},
  volume={33},
  number={8},
  pages={1646-1658},
  doi={10.1109/TPAMI.2011.95}}

@article{hutopoloss,
  title={Topology-aware segmentation using discrete {M}orse theory},
  author={Hu, Xiaoling and Wang, Yusu and Fuxin, Li and Samaras, Dimitris and Chen, Chao},
  journal={arXiv preprint arXiv:2103.09992},
  year={2021}
}

@inproceedings{moortopoencode,
  title={Topological autoencoders},
  author={Moor, Michael and Horn, Max and Rieck, Bastian and Borgwardt, Karsten},
  booktitle={International conference on machine learning},
  pages={7045--7054},
  year={2020},
  organization={PMLR}
}

@inproceedings{zhaopersgnn,
  title={Persistence enhanced graph neural network},
  author={Zhao, Qi and Ye, Ze and Chen, Chao and Wang, Yusu},
  booktitle={International Conference on Artificial Intelligence and Statistics},
  pages={2896--2906},
  year={2020},
  organization={PMLR}
}

@article{topoocean,
author = {Xue, Hongjuan and Gu, Yaolin},
title = {Application of Topological Analysis in Ocean Feature Extraction},
publisher = {Computer Engineering},
year = {2009},
journal = {Computer Engineering},
volume = {35},
number = {3},
eid = {263},
numpages = {0},
pages = {263},
keywords = {3D scalar field; Morse theory; Morse-Smale complex; feature-based visualization},
url = {http://www.ecice06.com/EN/abstract/article_11349.shtml},
doi = {10.3969/j.issn.1000-3428.2009.03.090}
}    


@book{pascucci2010topological,
  title={Topological Methods in Data Analysis and Visualization: Theory, Algorithms, and Applications},
  author={Pascucci, Valerio and Tricoche, Xavier and Hagen, Hans and Tierny, Julien},
  year={2010},
  publisher={Springer Science \& Business Media}
}


@article{palImageSegReview,
  title={A review on image segmentation techniques},
  author={Pal, Nikhil R and Pal, Sankar K},
  journal={Pattern recognition},
  volume={26},
  number={9},
  pages={1277--1294},
  year={1993},
  publisher={Elsevier}
}

@article{phamImageSegCurrent,
  title={Current methods in medical image segmentation},
  author={Pham, Dzung L and Xu, Chenyang and Prince, Jerry L},
  journal={Annual review of biomedical engineering},
  volume={2},
  number={1},
  pages={315--337},
  year={2000},
  publisher={Annual Reviews 4139 El Camino Way, PO Box 10139, Palo Alto, CA 94303-0139, USA}
}

@inproceedings{liuImageSegDifficulty,
  title={Estimating image segmentation difficulty},
  author={Liu, Dingding and Xiong, Yingen and Pulli, Kari and Shapiro, Linda},
  booktitle={International Workshop on Machine Learning and Data Mining in Pattern Recognition},
  pages={484--495},
  year={2011},
  organization={Springer}
}

@article{berghia,
  title={From molecules to mating: Rapid evolution and biochemical studies of reproductive proteins},
  author={Wilburn, Damien B and Swanson, Willie J},
  journal={Journal of Proteomics},
  volume={135},
  pages={12--25},
  year={2016},
  publisher={Elsevier}
}

@article{retinal,
  title={Advances in imaging the blood and aqueous vessels of the ocular limbus},
  author={Van der Merwe, EL and Kidson, SH},
  journal={Experimental eye research},
  volume={91},
  number={2},
  pages={118--126},
  year={2010},
  publisher={Elsevier}
}

@article{diadem,
  title={The {DIADEM} metric: comparing multiple reconstructions of the same neuron},
  author={Gillette, Todd A and Brown, Kerry M and Ascoli, Giorgio A},
  journal={Neuroinformatics},
  volume={9},
  number={2},
  pages={233--245},
  year={2011},
  publisher={Springer}
}

@inproceedings{
chen2018supervised,
title={Supervised Community Detection with Line Graph Neural Networks},
author={Zhengdao Chen and Lisha Li and Joan Bruna},
booktitle={International Conference on Learning Representations},
year={2019},
url={https://openreview.net/forum?id=H1g0Z3A9Fm},
}

@inproceedings{edelsbrunnerHomology,
  title={Topological persistence and simplification},
  author={Edelsbrunner, Herbert and Letscher, David and Zomorodian, Afra},
  booktitle={Proceedings 41st annual symposium on foundations of computer science},
  pages={454--463},
  year={2000},
  organization={IEEE}
}
